@article{ahmed2018generalized,
  title={A Generalized Approach to the Load Flow Analysis of AC--DC Hybrid Distribution Systems},
  author={Ahmed, Haytham MA and Eltantawy, Ayman B and Salama, MMA},
  journal={IEEE Transactions on Power Systems},
  volume={33},
  number={2},
  pages={2117--2127},
  year={2017},
  publisher={IEEE},
  doi={10.1109/TPWRS.2017.2720666}
}

@report{armd2017sip,
  Title={NASA Aeronautics Strategic Implementation Plan: 2017 Update},
  Journal={NASA},
  Year={2017},
  note={NP-2017-01-2352-HQ}
}

@inproceedings{borer2016design,
  title={Design and Performance of the NASA SCEPTOR Distributed Electric Propulsion Flight Demonstrator},
  author={Borer, Nicholas K and Patterson, Michael D and Viken, Jeffrey K and Moore, Mark D and Bevirt, JoeBen and Stoll, Alex M and Gibson, Andrew R},
  booktitle={16th AIAA Aviation Technology, Integration, and Operations Conference},
  note={AIAA-2016-3920},
  address={Washington, D.C.},
  year={2016}
}

@techreport{bradley2014subsonic,
  title={Subsonic Ultra Green Aircraft Research: Phase II-Volume III-Truss Braced Wing Aeroelastic Test Report},
  author={Bradley, Marty K and Allen, Timothy J and Droney, Christopher},
  note={NASA-CR-2015-218704}, 
  Institution={NASA},
  year={2015}, 
  month={April}
}

@article{chapman2018multi,
  Title = "{Multi-point Design and Optimization of a Turboshaft Engine for Tiltwing turboelectric VTOL Air Taxi}",
  Author = {Chapman, Jeffryes W.},
  Note = "{AIAA paper 2019-1948}",
  Year = {Jan. 2019},
  doi={10.2514/6.2019-1948}
}

@inproceedings{chapman2018approach,
  Address = {Cincinnati, OH},
  Author = {Chapman, Jeffryes W. and Litt, Jonathan S.},
  Booktitle = {AIAA Electric Aircraft Technologies Symposium},
  Month = {July},
  Note = "{AIAA 2018-XXXX}",
  Organization = {AIAA},
  Title = "{An Approach for Utilizing Power Flow Modeling for Simulations of Hybrid Electric Propulsion Systems}",
  Year = {2018},
}

@inproceedings{chin2017transient,
  title={Transient Thermal Analyses of Passive Systems on SCEPTOR X-57},
  author={Chin, Jeff and Schnulo, Sydney L and Smith, Andrew},
  booktitle={17th AIAA Aviation Technology, Integration, and Operations Conference},
  note={AIAA-2017-3784},
  address={Denver, CO},
  year={2017}
}

@article{falckpointer2016,
  Title = {Parallel Aircraft Trajectory Optimization with Analytic Derivatives},
  Author = {Falck, Robert and Gray, Justin and Naylor, Bret},
  Year = {June 2016},
  Note = "{AIAA paper 2016-3207}",
  doi={10.2514/6.2016-3207}
}

@article{falck2017trajectory,
  title={Trajectory Optimization of Electric Aircraft Subject to Subsystem Thermal Constraints},
  author={Falck, Robert D and Chin, Jeffrey and Schnulo, Sydney L and Burt, Jonathan M and Gray, Justin S},
  note="{AIAA paper 2017-4002}",
  year={June 2017},
  doi={10.2514/6.2017-4002}
}

@inproceedings{falck2018multi,
  title={Multidisciplinary Optimization of Urban-Air-Mobility Class Aircraft Trajectories with Acoustic Constraints},
  author={Falck, Robert D and Ingraham, Daniel and Aretskin-Hariton, Eliot},
  note="{AIAA paper 2018-4985}",
  year={July 2018},
  doi={10.2514/6.2018-4985}
}

@article{falck2019optimal,
  title={Optimal Control within the Context of Multidisciplinary Design, Analysis, and Optimization},
  author={Falck, Robert D and Gray, Justin S.},
  note="{AIAA paper 2019-0976}",
  year={Jan. 2019},
  doi={10.2514/6.2019-0976}
}

@inproceedings{felder2009turboelectric,
  title={Turboelectric Distributed Propulsion Engine Cycle Analysis for Hybrid-Wing-Body Aircraft},
  author={Felder, James L and Kim, Hyun Dae and Brown, Gerald V},
  booktitle={47th AIAA Aerospace Sciences Meeting},
  address={Orlando, FL},
  month={January},
  year={2009},
  note={AIAA-2009-1132}
}

@inproceedings{felder2011turboelectric,
  title={Turboelectric Distributed Propulsion in a Hybrid Wing Body Aircraft},
  author={Felder, James L and Brown, Gerald V and Kim, Hyun Dae and Chu, Julio},
  year={2011},
  Booktitle={20th International Society for Airbreathing Engines},
  Address={Gothenburg, Sweden},
  Note={ISABE-2011-1340}
}

@book{glover1987power,
  author = {Glover, J. Duncan and Sarma, Mulukutla },
  title = {Power System Analysis and Design},
  publisher = {PWS-KENT},
  address = {Boston},
  year = {1987},
}

@inproceedings{gray_openmdao2010_b,
  Address = {Fort Worth, Texas},
  Annote = {2010-9101},
  Author = {Gray, Justin S. and Moore, Kenneth T. and Naylor, Bret A.},
  Booktitle = {13th AIAA/ISSMO Multidisciplinary Analysis and Optimization Conference, Fort Worth, TX, AIAA, AIAA-2010-9101},
  Month = {August},
  Organization = {AIAA},
  Title = {OpenMDAO: An Open-Source Framework for Multidisciplinary Analysis and Optimization},
  Year = {2010},
}

@inproceedings{gray2014automatic,
  title={Automatic Evaluation of Multidisciplinary Derivatives Using a Graph-Based Problem Formulation in OpenMDAO},
  author={Gray, Justin S and Hearn, Tristan A and Moore, Kenneth T and Hwang, John and Martins, Joaquim and Ning, Andrew},
  booktitle={15th AIAA/ISSMO Multidisciplinary Analysis and Optimization Conference},
  year={2014},
  note={AIAA-2014-2042}
}

@article{gray2017chemical,
  title={Chemical-Equilibrium Analysis with Adjoint Derivatives for Propulsion Cycle Analysis},
  author={Gray, Justin and Chin, Jeffrey and Hearn, Tristan and Hendricks, Eric and Lavelle, Thomas and Martins, Joaquim RRA},
  journal={Journal of Propulsion and Power},
  volume={33},
  number={5},
  pages={1041--1052},
  year={2017},
  publisher={American Institute of Aeronautics and Astronautics},
  doi={10.2514/1.B36215}
}

@article{hearn2016optimization,
  title={Optimization of Turbine Engine Cycle Analysis with Analytic Derivatives},
  author={Hearn, Tristan A and Hendricks, Eric and Chin, Jeffrey and Gray, Justin S},
  note="{AIAA paper 2016-4297}",
  year={June 2016},
  doi={10.2514/6.2016-4297}
}

@article{hendricks2017simultaneous,
  title={Simultaneous Propulsion System and Trajectory Optimization},
  author={Hendricks, Eric S and Falck, Robert D and Gray, Justin S},
  note="{AIAA paper 2017-4435}",
  year={June 2017},
  doi={10.2514/6.2017-4435}
}

@article{hendricks2019load,
  title={Load Flow Analysis with Analytic Derivatives for Electric Aircraft Design Optimization},
  author={Hendricks, Eric S and Chapman, Jeffryes W and Aretskin-Hariton, Eliot D.},
  note="{AIAA paper 2019-1220}",
  month={January},
  year={Jan. 2019},
  doi={10.2514/6.2019-1220}
}

@PHDTHESIS{hwang2015modular,
  author = "Hwang, John T.",
  title = "A Modular Approach to Large-Scale Design Optimization of Aerospace Systems",
  school = "University of Michigan",
  type = "{PhD} Dissertation",
  address = "School of Aerospace Engineering",
  year = 2015,
}

@inproceedings{ingraham2019low,
  title={Low-Noise Blade Optimization of a Propeller-Driven Electric Aircraft},
  author={Ingraham, Daniel J. and Gray, Justin S. and Berton, Jeffrey J.},
  booktitle={AIAA SciTech Forum},
  note={AIAA-2019-XXXX},
  address={San Deigo, CA},
  year={2019}
}

@inproceedings{jansen2017overview,
  Address = {Atlanta, GA},
  Author = {Ralph H. Jansen and Cheryl Bowman and Amy Jankovsky and Rodger Dyson and James Felder5},
  Booktitle = {53rd AIAA/SAE/ASEE Joint Propulsion Conference},
  Month = {July},
  Note = {AIAA 2017-4701},
  Organization = {AIAA},
  Title = "{Overview of NASA Electrified Aircraft Propulsion Research for Large Subsonic Transports}",
  Year = {2017},
}

@inproceedings{johnson2018concept,
  title={Concept Vehicles for VTOL Air Taxi Operations},
  author={Johnson, Wayne and Silva, Christopher and Solis, Eduardo},
  booktitle={AHS International Technical Meeting on Aeromechanics Design for Transformative Vertical Flight, San Francisco, CA},
  year={2018}
}

@article{unified_derivatives,
  Author = {Joaquim R. R. A. Martins and John T. Hwang},
  Date-Added = {2012-07-05 21:36:04 +0000},
  Date-Modified = {2014-04-25 18:36:40 +0000},
  Doi = {10.2514/1.J052184},
  Journal = {AIAA Journal},
  Month = {November},
  Number = {11},
  Pages = {2582--2599},
  Title = {Review and Unification of Methods for Computing Derivatives of Multidisciplinary Computational Models},
  Volume = {51},
  Year = {2013}
}

@techreport{lopes2016anopp2,
  title={ANOPP2 User’s Manual: Version 1.2},
  author={Lopes, L. V. and Burley, C. L. },
  note={NASA-TM-2016–219342}, 
  Institution={NASA},
  year={2016}, 
  month={October}
}

@article{moore2003personal,
  title={Personal Air Vehicles: A Rural/Regional and Intra-Urban On-Demand Transportation System},
  author={Moore, Mark D},
  year={July 2003},
  note="{AIAA paper 2003-2646}",
  doi={10.2514/6.2003-2646}
}

@manual{openmdao,
  title = {OpenMDAO},
  note = {\url{www.openmdao.org}, Accessed: 2018-06-05}
}

@inproceedings{schiltgen2016aeropropulsive,
  title={Aeropropulsive Interaction and Thermal System Integration within the ECO-150: A Turboelectric Distributed Propulsion Airliner with Conventional Electric Machines},
  author={Schiltgen, Benjamin T and Freeman, Jeffrey},
  booktitle={16th AIAA Aviation Technology, Integration, and Operations Conference},
  pages={AIAA-2016-4064},
  year={2016},
  address={Washington, D.C.}
}

@article{schilling2001looking,
  author={Bob Sillery}, 
  title={Looking back at Henry Ford's Flivver}, 
  journal={Popular Science}, 
  year={2001}, 
  month={December}, 
  note={\url{https://www.popsci.com/military-aviation-space/article/2001-12/looking-back-henry-fords-flivver}, Accessed: 2018-06-08} 
}

@inproceedings{welstead2016conceptual,
  title="Conceptual Design of a Single-Aisle Turboelectric Commercial Transport with Fuselage Boundary Layer Ingestion",
  author={Welstead, Jason R and  Felder, James L},
  booktitle={54th AIAA Aerospace Sciences Meeting, San Diego, CA},
  year={2016},
  note={AIAA-2016-1027}
}

@report{NDARC,
  Title={NASA Design and Analysis of Rotorcraft Theory Manual},
  Author={Johnson, Wayne},
  Journal={NASA},
  Year={2012},
  note={\url{https://rotorcraft.arc.nasa.gov/Publications/files/NDARCTheory_v1_6_938.pdf}}
}
